
@article{cutuli_academic_2013,
	title = {Academic {Achievement} {Trajectories} of {Homeless} and {Highly} {Mobile} {Students}: {Resilience} in the {Context} of {Chronic} and {Acute} {Risk}},
	volume = {84},
	issn = {00093920},
	shorttitle = {Academic {Achievement} {Trajectories} of {Homeless} and {Highly} {Mobile} {Students}},
	url = {http://doi.wiley.com/10.1111/cdev.12013},
	doi = {10.1111/cdev.12013},
	language = {en},
	number = {3},
	urldate = {2018-07-28},
	journal = {Child Development},
	author = {Cutuli, J. J. and Desjardins, Christopher David and Herbers, Janette E. and Long, Jeffrey D. and Heistad, David and Chan, Chi-Keung and Hinz, Elizabeth and Masten, Ann S.},
	month = may,
	year = {2013},
	pages = {841--857},
	file = {Cutuli 2013 - Academic Achievement Trajectories of Homeless and Highly Mobile Students -.pdf:/Users/cdesjard/Dropbox/cdd/Zotero/C/Cutuli 2013 - Academic Achievement Trajectories of Homeless and Highly Mobile Students -.pdf:application/pdf}
}