@book{example1,
  title={Handbook of Educational Measurement and Psychometrics Using R},
  author={Desjardins, Christopher David, Bulut, Okan},
  editor={},
  year={2018},
  publisher={CRC Press}
}
