
@book{desjardins_handbook_2018,
	title = {Handbook of {Educational} {Measurement} and {Psychometrics} {Using} {R}},
	publisher = {CRC Press},
	author = {Desjardins, Christopher D. and Bulut, Okan},
	year = {2018}
}