@article{perry_emotion_2019,
	title = {Emotion regulation and cortisol reactivity during a social evaluative stressor: {A} study of post-institutionalized youth},
	copyright = {All rights reserved},
	shorttitle = {Emotion regulation and cortisol reactivity during a social evaluative stressor},
	journal = {Developmental psychobiology},
	author = {Perry, Nicole B. and Donzella, Bonny and Parenteau, Anna M. and Desjardins, Christopher and Gunnar, Megan R.},
	year = {2019},
	file = {Perry 2019 - Emotion regulation and cortisol reactivity during a social evaluative stressor -.pdf:/Users/cdesjard/Dropbox/cdd/Zotero/P/Perry 2019 - Emotion regulation and cortisol reactivity during a social evaluative stressor -.pdf:application/pdf;Snapshot:/Users/cdesjard/Documents/Zotero/storage/VSA3XPDW/dev.html:text/html}
}